% LLM survey
@article{gao2024retrievalaugmented,
      title={Retrieval-Augmented Generation for Large Language Models: A Survey}, 
      author={Yunfan Gao and Yun Xiong and Xinyu Gao and Kangxiang Jia and Jinliu Pan and Yuxi Bi and Yi Dai and Jiawei Sun and Qianyu Guo and Meng Wang and Haofen Wang},
      year={2024},
      eprint={2312.10997},
      archivePrefix={arXiv},
      primaryClass={cs.CL}
}

@misc{fan2023large,
      title={Large Language Models for Software Engineering: Survey and Open Problems}, 
      author={Angela Fan and Beliz Gokkaya and Mark Harman and Mitya Lyubarskiy and Shubho Sengupta and Shin Yoo and Jie M. Zhang},
      year={2023},
      eprint={2310.03533},
      archivePrefix={arXiv},
      primaryClass={cs.SE}
}



@misc{ren2020codebleu,
      title={CodeBLEU: a Method for Automatic Evaluation of Code Synthesis}, 
      author={Shuo Ren and Daya Guo and Shuai Lu and Long Zhou and Shujie Liu and Duyu Tang and Neel Sundaresan and Ming Zhou and Ambrosio Blanco and Shuai Ma},
      year={2020},
      eprint={2009.10297},
      archivePrefix={arXiv},
      primaryClass={cs.SE}
}

@misc{chen2021evaluating,
      title={Evaluating Large Language Models Trained on Code}, 
      author={Mark Chen and Jerry Tworek and Heewoo Jun and Qiming Yuan and Henrique Ponde de Oliveira Pinto and Jared Kaplan and Harri Edwards and Yuri Burda and Nicholas Joseph and Greg Brockman and Alex Ray and Raul Puri and Gretchen Krueger and Michael Petrov and Heidy Khlaaf and Girish Sastry and Pamela Mishkin and Brooke Chan and Scott Gray and Nick Ryder and Mikhail Pavlov and Alethea Power and Lukasz Kaiser and Mohammad Bavarian and Clemens Winter and Philippe Tillet and Felipe Petroski Such and Dave Cummings and Matthias Plappert and Fotios Chantzis and Elizabeth Barnes and Ariel Herbert-Voss and William Hebgen Guss and Alex Nichol and Alex Paino and Nikolas Tezak and Jie Tang and Igor Babuschkin and Suchir Balaji and Shantanu Jain and William Saunders and Christopher Hesse and Andrew N. Carr and Jan Leike and Josh Achiam and Vedant Misra and Evan Morikawa and Alec Radford and Matthew Knight and Miles Brundage and Mira Murati and Katie Mayer and Peter Welinder and Bob McGrew and Dario Amodei and Sam McCandlish and Ilya Sutskever and Wojciech Zaremba},
      year={2021},
      eprint={2107.03374},
      archivePrefix={arXiv},
      primaryClass={cs.LG}
}

@misc{peng2023impact,
      title={The Impact of AI on Developer Productivity: Evidence from GitHub Copilot}, 
      author={Sida Peng and Eirini Kalliamvakou and Peter Cihon and Mert Demirer},
      year={2023},
      eprint={2302.06590},
      archivePrefix={arXiv},
      primaryClass={cs.SE}
}

@misc{codingoncopilot2023,
    title = {CodingonCopilot 2023: Data Shows Downward Pressure on Code Quality},
    author = {Harding, William and Kloster, Matthew},
    year = {2024},
    howpublished = {Whitepaper},
    organization = {Alloy.dev Research and GitClear},
    note = {150 million lines of analyzed code + projections for 2024},
    month = {January},
    day = {16},
}


@misc{chiang2024chatbot,
      title={Chatbot Arena: An Open Platform for Evaluating LLMs by Human Preference}, 
      author={Wei-Lin Chiang and Lianmin Zheng and Ying Sheng and Anastasios Nikolas Angelopoulos and Tianle Li and Dacheng Li and Hao Zhang and Banghua Zhu and Michael Jordan and Joseph E. Gonzalez and Ion Stoica},
      year={2024},
      eprint={2403.04132},
      archivePrefix={arXiv},
      primaryClass={cs.AI}
}

